[gd_scene load_steps=4 format=2]

[sub_resource type="CubeMesh" id=1]
size = Vector3( 1, 0.05, 0.05 )

[sub_resource type="SpatialMaterial" id=2]
albedo_color = Color( 0.278431, 0.447059, 0.0313726, 1 )

[sub_resource type="CubeMesh" id=3]
size = Vector3( 0.05, 0.2, 0.05 )

[node name="RailMesh" type="Spatial"]
transform = Transform( 1, 0, 0, 0, 1, 0, 0, 0, 1, 0, 0.3, 0 )

[node name="RailMesh1" type="MeshInstance" parent="."]
transform = Transform( 1, 0, 0, 0, 1, 0, 0, 0, 1, 0, 0.0999996, 0 )
mesh = SubResource( 1 )
material/0 = SubResource( 2 )

[node name="RailMesh3" type="MeshInstance" parent="."]
transform = Transform( 1, 0, 0, 0, 1, 0, 0, 0, 1, 0.075, -0.0999999, 0 )
mesh = SubResource( 1 )
material/0 = SubResource( 2 )

[node name="RailMesh2" type="MeshInstance" parent="."]
mesh = SubResource( 3 )
material/0 = SubResource( 2 )

[node name="RailMesh4" type="MeshInstance" parent="."]
transform = Transform( 1, 0, 0, 0, 1, 0, 0, 0, 1, -0.2, 0, 0 )
mesh = SubResource( 3 )
material/0 = SubResource( 2 )

[node name="RailMesh5" type="MeshInstance" parent="."]
transform = Transform( 1, 0, 0, 0, 1, 0, 0, 0, 1, -0.4, 0, 0 )
mesh = SubResource( 3 )
material/0 = SubResource( 2 )

[node name="RailMesh6" type="MeshInstance" parent="."]
transform = Transform( 1, 0, 0, 0, 1, 0, 0, 0, 1, 0.2, 0, 0 )
mesh = SubResource( 3 )
material/0 = SubResource( 2 )

[node name="RailMesh7" type="MeshInstance" parent="."]
transform = Transform( 1, 0, 0, 0, 1, 0, 0, 0, 1, 0.4, 0, 0 )
mesh = SubResource( 3 )
material/0 = SubResource( 2 )
