[gd_scene load_steps=15 format=2]

[ext_resource path="res://scripts/Tulip.gd" type="Script" id=1]
[ext_resource path="res://scenes/BallEater.tscn" type="PackedScene" id=2]
[ext_resource path="res://scenes/RailMesh.tscn" type="PackedScene" id=3]
[ext_resource path="res://bowling_ball.png" type="Texture" id=4]
[ext_resource path="res://scenes/Pin.tscn" type="PackedScene" id=5]
[ext_resource path="res://dae/copper_spatialmaterial.tres" type="Material" id=6]

[sub_resource type="QuadMesh" id=1]
size = Vector2( 1.5, 1.5 )

[sub_resource type="SpatialMaterial" id=2]
flags_transparent = true
albedo_texture = ExtResource( 4 )

[sub_resource type="PhysicsMaterial" id=3]
friction = 0.0

[sub_resource type="CylinderShape" id=4]
radius = 0.01
height = 0.2

[sub_resource type="CylinderMesh" id=5]
top_radius = 0.01
bottom_radius = 0.01
height = 0.2

[sub_resource type="SphereMesh" id=6]
radius = 0.035
height = 0.02

[sub_resource type="BoxShape" id=7]
extents = Vector3( 0.258356, 0.0669726, 0.1 )

[sub_resource type="PhysicsMaterial" id=8]
friction = 0.0

[node name="TulipBowlingBall" type="Spatial"]
script = ExtResource( 1 )
spring_left_path = NodePath("HingeLeft")
spring_right_path = NodePath("HingeRight")

[node name="Backplate" type="StaticBody" parent="."]

[node name="HingeRight" type="HingeJoint" parent="."]
transform = Transform( 1, 0, 0, 0, 1, 0, 0, 0, 1, 0.3, 0, 0 )
nodes/node_a = NodePath("../Backplate")
nodes/node_b = NodePath("../Right/PinRight")
angular_limit/enable = true
angular_limit/upper = 0.0
angular_limit/lower = -45.0
motor/enable = true
motor/target_velocity = 100.0
motor/max_impulse = 100.0

[node name="HingeLeft" type="HingeJoint" parent="."]
transform = Transform( 1, 0, 0, 0, 1, 0, 0, 0, 1, -0.3, 0, 0 )
nodes/node_a = NodePath("../Backplate")
nodes/node_b = NodePath("../Left/PinLeft")
angular_limit/enable = true
angular_limit/upper = 45.0
angular_limit/lower = 0.0
motor/enable = true
motor/target_velocity = -100.0
motor/max_impulse = 100.0

[node name="BallEater" parent="." instance=ExtResource( 2 )]
transform = Transform( 1, 0, 0, 0, 1, 0, 0, 0, 1, 0, -0.2, 0 )
visible = false

[node name="BowlingBallMesh" type="MeshInstance" parent="."]
transform = Transform( 0.813196, 0, 0, 0, 0.813196, 0, 0, 0, 0.813196, 0, -0.304975, 0.1 )
mesh = SubResource( 1 )
material/0 = SubResource( 2 )

[node name="PinsBowlingBall" type="Spatial" parent="."]

[node name="Pin" parent="PinsBowlingBall" instance=ExtResource( 5 )]
transform = Transform( 0.2, 0, 0, 0, -4.37114e-08, -0.2, 0, 1, -8.74228e-09, -0.4, -0.2, 0 )

[node name="Pin9" parent="PinsBowlingBall" instance=ExtResource( 5 )]
transform = Transform( 0.2, 0, 0, 0, -4.37114e-08, -0.2, 0, 1, -8.74228e-09, -0.413642, -0.302829, 0 )

[node name="Pin2" parent="PinsBowlingBall" instance=ExtResource( 5 )]
transform = Transform( 0.2, 0, 0, 0, -4.37114e-08, -0.2, 0, 1, -8.74228e-09, -0.4, -0.4, 0 )

[node name="Pin10" parent="PinsBowlingBall" instance=ExtResource( 5 )]
transform = Transform( 0.2, 0, 0, 0, -4.37114e-08, -0.2, 0, 1, -8.74228e-09, -0.362497, -0.49892, 0 )

[node name="Pin11" parent="PinsBowlingBall" instance=ExtResource( 5 )]
transform = Transform( 0.2, 0, 0, 0, -4.37114e-08, -0.2, 0, 1, -8.74228e-09, -0.211792, -0.65941, 0 )

[node name="Pin12" parent="PinsBowlingBall" instance=ExtResource( 5 )]
transform = Transform( 0.2, 0, 0, 0, -4.37114e-08, -0.2, 0, 1, -8.74228e-09, -0.00285695, -0.710604, 0 )

[node name="Pin13" parent="PinsBowlingBall" instance=ExtResource( 5 )]
transform = Transform( 0.2, 0, 0, 0, -4.37114e-08, -0.2, 0, 1, -8.74228e-09, 0.208047, -0.662489, 0 )

[node name="Pin14" parent="PinsBowlingBall" instance=ExtResource( 5 )]
transform = Transform( 0.2, 0, 0, 0, -4.37114e-08, -0.2, 0, 1, -8.74228e-09, 0.358794, -0.514482, 0 )

[node name="Pin15" parent="PinsBowlingBall" instance=ExtResource( 5 )]
transform = Transform( 0.2, 0, 0, 0, -4.37114e-08, -0.2, 0, 1, -8.74228e-09, 0.414492, -0.301063, 0 )

[node name="Pin3" parent="PinsBowlingBall" instance=ExtResource( 5 )]
transform = Transform( 0.2, 0, 0, 0, -4.37114e-08, -0.2, 0, 1, -8.74228e-09, -0.3, -0.6, 0 )

[node name="Pin4" parent="PinsBowlingBall" instance=ExtResource( 5 )]
transform = Transform( 0.2, 0, 0, 0, -4.37114e-08, -0.2, 0, 1, -8.74228e-09, -0.1, -0.7, 0 )

[node name="Pin5" parent="PinsBowlingBall" instance=ExtResource( 5 )]
transform = Transform( 0.2, 0, 0, 0, -4.37114e-08, -0.2, 0, 1, -8.74228e-09, 0.1, -0.7, 0 )

[node name="Pin6" parent="PinsBowlingBall" instance=ExtResource( 5 )]
transform = Transform( 0.2, 0, 0, 0, -4.37114e-08, -0.2, 0, 1, -8.74228e-09, 0.3, -0.6, 0 )

[node name="Pin7" parent="PinsBowlingBall" instance=ExtResource( 5 )]
transform = Transform( 0.2, 0, 0, 0, -4.37114e-08, -0.2, 0, 1, -8.74228e-09, 0.4, -0.4, 0 )

[node name="Pin8" parent="PinsBowlingBall" instance=ExtResource( 5 )]
transform = Transform( 0.2, 0, 0, 0, -4.37114e-08, -0.2, 0, 1, -8.74228e-09, 0.4, -0.2, 0 )

[node name="Pin16" parent="PinsBowlingBall" instance=ExtResource( 5 )]
transform = Transform( 0.2, 0, 0, 0, -4.37114e-08, -0.2, 0, 1, -8.74228e-09, 0.361501, -0.0965552, 0 )

[node name="Pin17" parent="PinsBowlingBall" instance=ExtResource( 5 )]
transform = Transform( 0.2, 0, 0, 0, -4.37114e-08, -0.2, 0, 1, -8.74228e-09, -0.360177, -0.0965552, 0 )

[node name="Pin18" parent="PinsBowlingBall" instance=ExtResource( 5 )]
transform = Transform( 0.2, 0, 0, 0, -4.37114e-08, -0.2, 0, 1, -8.74228e-09, -0.3022, -0.0169036, 0 )

[node name="Pin19" parent="PinsBowlingBall" instance=ExtResource( 5 )]
transform = Transform( 0.2, 0, 0, 0, -4.37114e-08, -0.2, 0, 1, -8.74228e-09, 0.302499, -0.0169036, 0 )

[node name="Right" type="Spatial" parent="."]
transform = Transform( 1, 0, 0, 0, 1, 0, 0, 0, 1, -0.07, 0.0539283, 0 )

[node name="PinRight" type="RigidBody" parent="Right"]
transform = Transform( 0.707107, -0.707107, 0, 0.707107, 0.707107, 0, 0, 0, 1, 0.3, 0, 0 )
physics_material_override = SubResource( 3 )
continuous_cd = true
axis_lock_linear_x = true
axis_lock_linear_y = true
axis_lock_linear_z = true
axis_lock_angular_x = true
axis_lock_angular_y = true
angular_damp = 10.0

[node name="CollisionShape" type="CollisionShape" parent="Right/PinRight"]
transform = Transform( 1, 0, 0, 0, -4.37114e-08, -1, 0, 1, -4.37114e-08, 0, 0, 0 )
shape = SubResource( 4 )

[node name="MeshInstance" type="MeshInstance" parent="Right/PinRight"]
transform = Transform( 1, 0, 0, 0, -4.37114e-08, -1, 0, 1, -4.37114e-08, 0, 0, 0 )
mesh = SubResource( 5 )
material/0 = ExtResource( 6 )

[node name="MeshInstance2" type="MeshInstance" parent="Right/PinRight"]
transform = Transform( 1, 0, 0, 0, -4.37114e-08, -1, 0, 1, -4.37114e-08, 0, 0, 0.1 )
mesh = SubResource( 6 )
material/0 = ExtResource( 6 )

[node name="CollisionShape3" type="CollisionShape" parent="Right/PinRight"]
transform = Transform( 1, 0, 0, 0, 1, 0, 0, 0, 1, 0.3, -4.47035e-08, 0 )
shape = SubResource( 7 )

[node name="RailMesh" parent="Right/PinRight" instance=ExtResource( 3 )]
transform = Transform( -0.5, 0, -4.37114e-08, 0, 0.5, 0, 4.37114e-08, 0, -0.5, 0.158579, 2.98023e-08, 0 )

[node name="Pin12" parent="Right" instance=ExtResource( 5 )]
transform = Transform( 0.2, 0, 0, 0, -4.37114e-08, -0.2, 0, 1, -8.74228e-09, 0.2, 0.379, 0 )

[node name="Pin10" parent="Right" instance=ExtResource( 5 )]
transform = Transform( 0.2, 0, 0, 0, -4.37114e-08, -0.2, 0, 1, -8.74228e-09, 0.57916, 0.182463, 0 )

[node name="Left" type="Spatial" parent="."]
transform = Transform( 1, 0, 0, 0, 1, 0, 0, 0, 1, 0.0695133, 0.0539283, 0 )

[node name="PinLeft" type="RigidBody" parent="Left"]
transform = Transform( 0.707107, 0.707107, 0, -0.707107, 0.707107, 0, 0, 0, 1, -0.3, 0, 0 )
physics_material_override = SubResource( 8 )
continuous_cd = true
axis_lock_linear_x = true
axis_lock_linear_y = true
axis_lock_linear_z = true
axis_lock_angular_x = true
axis_lock_angular_y = true
angular_damp = 10.0

[node name="CollisionShape" type="CollisionShape" parent="Left/PinLeft"]
transform = Transform( 1, 0, 0, 0, -4.37114e-08, -1, 0, 1, -4.37114e-08, 0, 0, 0 )
shape = SubResource( 4 )

[node name="MeshInstance" type="MeshInstance" parent="Left/PinLeft"]
transform = Transform( 1, 0, 0, 0, -4.37114e-08, -1, 0, 1, -4.37114e-08, 0, 0, 0 )
mesh = SubResource( 5 )
material/0 = ExtResource( 6 )

[node name="MeshInstance2" type="MeshInstance" parent="Left/PinLeft"]
transform = Transform( 1, 0, 0, 0, -4.37114e-08, -1, 0, 1, -4.37114e-08, 0, 0, 0.1 )
mesh = SubResource( 6 )
material/0 = ExtResource( 6 )

[node name="CollisionShape2" type="CollisionShape" parent="Left/PinLeft"]
transform = Transform( 1, 0, 0, 0, 1, 0, 0, 0, 1, -0.158579, 2.98023e-08, 7.45058e-09 )
shape = SubResource( 7 )

[node name="RailMesh" parent="Left/PinLeft" instance=ExtResource( 3 )]
transform = Transform( 0.5, 0, 0, 0, 0.5, 0, 0, 0, 0.5, -0.158579, 2.98023e-08, 0 )

[node name="Pin11" parent="Left" instance=ExtResource( 5 )]
transform = Transform( 0.2, 0, 0, 0, -4.37114e-08, -0.2, 0, 1, -8.74228e-09, -0.2, 0.379, 0 )

[node name="Pin9" parent="Left" instance=ExtResource( 5 )]
transform = Transform( 0.2, 0, 0, 0, -4.37114e-08, -0.2, 0, 1, -8.74228e-09, -0.58885, 0.184313, 0 )

[connection signal="ball_eaten" from="BallEater" to="." method="_on_ball_eaten"]
